%YAML 1.1
%TAG !u! tag:unity3d.com,2011:
--- !u!1 &247293677
GameObject:
  m_ObjectHideFlags: 0
  m_CorrespondingSourceObject: {fileID: 0}
  m_PrefabInstance: {fileID: 0}
  m_PrefabAsset: {fileID: 0}
  serializedVersion: 6
  m_Component:
  - component: {fileID: 247293678}
  - component: {fileID: 247293680}
  - component: {fileID: 247293679}
  m_Layer: 0
  m_Name: LadyText
  m_TagString: Untagged
  m_Icon: {fileID: 0}
  m_NavMeshLayer: 0
  m_StaticEditorFlags: 0
  m_IsActive: 1
--- !u!224 &247293678
RectTransform:
  m_ObjectHideFlags: 0
  m_CorrespondingSourceObject: {fileID: 0}
  m_PrefabInstance: {fileID: 0}
  m_PrefabAsset: {fileID: 0}
  m_GameObject: {fileID: 247293677}
  m_LocalRotation: {x: 0, y: 1, z: 0, w: 0}
  m_LocalPosition: {x: 0, y: 0, z: 0}
  m_LocalScale: {x: 1, y: 1, z: 1}
  m_Children: []
  m_Father: {fileID: 8080364051378522842}
  m_RootOrder: 3
  m_LocalEulerAnglesHint: {x: 0, y: 180, z: 0}
  m_AnchorMin: {x: 0.5, y: 0.5}
  m_AnchorMax: {x: 0.5, y: 0.5}
  m_AnchoredPosition: {x: 0, y: 3.55}
  m_SizeDelta: {x: 20, y: 5}
  m_Pivot: {x: 0.5, y: 0.5}
--- !u!23 &247293680
MeshRenderer:
  m_ObjectHideFlags: 0
  m_CorrespondingSourceObject: {fileID: 0}
  m_PrefabInstance: {fileID: 0}
  m_PrefabAsset: {fileID: 0}
  m_GameObject: {fileID: 247293677}
  m_Enabled: 1
  m_CastShadows: 0
  m_ReceiveShadows: 0
  m_DynamicOccludee: 1
  m_MotionVectors: 1
  m_LightProbeUsage: 1
  m_ReflectionProbeUsage: 1
  m_RayTracingMode: 2
  m_RayTraceProcedural: 0
  m_RenderingLayerMask: 1
  m_RendererPriority: 0
  m_Materials:
  - {fileID: 8461453019335081990, guid: 91405ee63ca22f34da5f48a6aa5379fe, type: 2}
  m_StaticBatchInfo:
    firstSubMesh: 0
    subMeshCount: 0
  m_StaticBatchRoot: {fileID: 0}
  m_ProbeAnchor: {fileID: 0}
  m_LightProbeVolumeOverride: {fileID: 0}
  m_ScaleInLightmap: 1
  m_ReceiveGI: 1
  m_PreserveUVs: 0
  m_IgnoreNormalsForChartDetection: 0
  m_ImportantGI: 0
  m_StitchLightmapSeams: 1
  m_SelectedEditorRenderState: 3
  m_MinimumChartSize: 4
  m_AutoUVMaxDistance: 0.5
  m_AutoUVMaxAngle: 89
  m_LightmapParameters: {fileID: 0}
  m_SortingLayerID: 0
  m_SortingLayer: 0
  m_SortingOrder: 0
  m_AdditionalVertexStreams: {fileID: 0}
--- !u!114 &247293679
MonoBehaviour:
  m_ObjectHideFlags: 0
  m_CorrespondingSourceObject: {fileID: 0}
  m_PrefabInstance: {fileID: 0}
  m_PrefabAsset: {fileID: 0}
  m_GameObject: {fileID: 247293677}
  m_Enabled: 1
  m_EditorHideFlags: 0
  m_Script: {fileID: 11500000, guid: 9541d86e2fd84c1d9990edf0852d74ab, type: 3}
  m_Name: 
  m_EditorClassIdentifier: 
  m_Material: {fileID: 0}
  m_Color: {r: 1, g: 1, b: 1, a: 1}
  m_RaycastTarget: 1
  m_RaycastPadding: {x: 0, y: 0, z: 0, w: 0}
  m_Maskable: 1
  m_OnCullStateChanged:
    m_PersistentCalls:
      m_Calls: []
  m_text: Im cold
  m_isRightToLeft: 0
  m_fontAsset: {fileID: 11400000, guid: 91405ee63ca22f34da5f48a6aa5379fe, type: 2}
  m_sharedMaterial: {fileID: 8461453019335081990, guid: 91405ee63ca22f34da5f48a6aa5379fe, type: 2}
  m_fontSharedMaterials: []
  m_fontMaterial: {fileID: 0}
  m_fontMaterials: []
  m_fontColor32:
    serializedVersion: 2
    rgba: 4294967295
  m_fontColor: {r: 1, g: 1, b: 1, a: 1}
  m_enableVertexGradient: 0
  m_colorMode: 3
  m_fontColorGradient:
    topLeft: {r: 1, g: 1, b: 1, a: 1}
    topRight: {r: 1, g: 1, b: 1, a: 1}
    bottomLeft: {r: 1, g: 1, b: 1, a: 1}
    bottomRight: {r: 1, g: 1, b: 1, a: 1}
  m_fontColorGradientPreset: {fileID: 0}
  m_spriteAsset: {fileID: 0}
  m_tintAllSprites: 0
  m_StyleSheet: {fileID: 0}
  m_TextStyleHashCode: -1183493901
  m_overrideHtmlColors: 0
  m_faceColor:
    serializedVersion: 2
    rgba: 4294967295
  m_fontSize: 5
  m_fontSizeBase: 5
  m_fontWeight: 400
  m_enableAutoSizing: 0
  m_fontSizeMin: 18
  m_fontSizeMax: 72
  m_fontStyle: 0
  m_HorizontalAlignment: 2
  m_VerticalAlignment: 1024
  m_textAlignment: 65535
  m_characterSpacing: 0
  m_wordSpacing: 0
  m_lineSpacing: 0
  m_lineSpacingMax: 0
  m_paragraphSpacing: 0
  m_charWidthMaxAdj: 0
  m_enableWordWrapping: 1
  m_wordWrappingRatios: 0.4
  m_overflowMode: 0
  m_linkedTextComponent: {fileID: 0}
  parentLinkedComponent: {fileID: 0}
  m_enableKerning: 1
  m_enableExtraPadding: 0
  checkPaddingRequired: 0
  m_isRichText: 1
  m_parseCtrlCharacters: 1
  m_isOrthographic: 0
  m_isCullingEnabled: 0
  m_horizontalMapping: 0
  m_verticalMapping: 0
  m_uvLineOffset: 0
  m_geometrySortingOrder: 0
  m_IsTextObjectScaleStatic: 0
  m_VertexBufferAutoSizeReduction: 0
  m_useMaxVisibleDescender: 1
  m_pageToDisplay: 1
  m_margin: {x: 0, y: 0, z: 0, w: 0}
  m_isUsingLegacyAnimationComponent: 0
  m_isVolumetricText: 0
  m_hasFontAssetChanged: 0
  m_renderer: {fileID: 247293680}
  m_maskType: 0
  _SortingLayer: 0
  _SortingLayerID: 0
  _SortingOrder: 0
--- !u!136 &4476613194996603827
CapsuleCollider:
  m_ObjectHideFlags: 0
  m_CorrespondingSourceObject: {fileID: 0}
  m_PrefabInstance: {fileID: 0}
  m_PrefabAsset: {fileID: 0}
  m_GameObject: {fileID: 8892613545509818464}
  m_Material: {fileID: 0}
  m_IsTrigger: 0
  m_Enabled: 1
  m_Radius: 0.25
  m_Height: 1
  m_Direction: 1
  m_Center: {x: 0.12, y: 0.5, z: -0.18}
--- !u!114 &776457643
MonoBehaviour:
  m_ObjectHideFlags: 0
  m_CorrespondingSourceObject: {fileID: 0}
  m_PrefabInstance: {fileID: 0}
  m_PrefabAsset: {fileID: 0}
  m_GameObject: {fileID: 8892613545509818464}
  m_Enabled: 1
  m_EditorHideFlags: 0
  m_Script: {fileID: 11500000, guid: 24ab5cc4b8320494090397a4129254fb, type: 3}
  m_Name: 
  m_EditorClassIdentifier: 
  seed: 0
  isAlive: 1
  hunger: 0
  cold: 0
  pain: 0
  fear: 0
  tick: 5
  hungerMulti: 1
  coldMulti: 1
  painMulti: 1
  fearMulti: 1
  animator: {fileID: 2793098869435338912}
  statusText: {fileID: 247293679}
  m_displayName: Allison
--- !u!1001 &8622565032468524337
PrefabInstance:
  m_ObjectHideFlags: 0
  serializedVersion: 2
  m_Modification:
    m_TransformParent: {fileID: 0}
    m_Modifications:
    - target: {fileID: -8679921383154817045, guid: e1ed36f27c916964d8aa2f8b94a960ed, type: 3}
      propertyPath: m_RootOrder
      value: 0
      objectReference: {fileID: 0}
    - target: {fileID: -8679921383154817045, guid: e1ed36f27c916964d8aa2f8b94a960ed, type: 3}
      propertyPath: m_LocalPosition.x
      value: 30.7
      objectReference: {fileID: 0}
    - target: {fileID: -8679921383154817045, guid: e1ed36f27c916964d8aa2f8b94a960ed, type: 3}
      propertyPath: m_LocalPosition.y
      value: 19.795
      objectReference: {fileID: 0}
    - target: {fileID: -8679921383154817045, guid: e1ed36f27c916964d8aa2f8b94a960ed, type: 3}
      propertyPath: m_LocalPosition.z
      value: 54.163
      objectReference: {fileID: 0}
    - target: {fileID: -8679921383154817045, guid: e1ed36f27c916964d8aa2f8b94a960ed, type: 3}
      propertyPath: m_LocalRotation.w
      value: 0.99017924
      objectReference: {fileID: 0}
    - target: {fileID: -8679921383154817045, guid: e1ed36f27c916964d8aa2f8b94a960ed, type: 3}
      propertyPath: m_LocalRotation.x
      value: -0
      objectReference: {fileID: 0}
    - target: {fileID: -8679921383154817045, guid: e1ed36f27c916964d8aa2f8b94a960ed, type: 3}
      propertyPath: m_LocalRotation.y
      value: -0.13980389
      objectReference: {fileID: 0}
    - target: {fileID: -8679921383154817045, guid: e1ed36f27c916964d8aa2f8b94a960ed, type: 3}
      propertyPath: m_LocalRotation.z
      value: -0
      objectReference: {fileID: 0}
    - target: {fileID: -8679921383154817045, guid: e1ed36f27c916964d8aa2f8b94a960ed, type: 3}
      propertyPath: m_LocalEulerAnglesHint.x
      value: 0
      objectReference: {fileID: 0}
    - target: {fileID: -8679921383154817045, guid: e1ed36f27c916964d8aa2f8b94a960ed, type: 3}
      propertyPath: m_LocalEulerAnglesHint.y
      value: -16.073
      objectReference: {fileID: 0}
    - target: {fileID: -8679921383154817045, guid: e1ed36f27c916964d8aa2f8b94a960ed, type: 3}
      propertyPath: m_LocalEulerAnglesHint.z
      value: 0
      objectReference: {fileID: 0}
    - target: {fileID: 919132149155446097, guid: e1ed36f27c916964d8aa2f8b94a960ed, type: 3}
      propertyPath: m_Name
      value: Lady.Casual Variant
      objectReference: {fileID: 0}
    - target: {fileID: 919132149155446097, guid: e1ed36f27c916964d8aa2f8b94a960ed, type: 3}
      propertyPath: m_Layer
      value: 6
      objectReference: {fileID: 0}
    - target: {fileID: 5866666021909216657, guid: e1ed36f27c916964d8aa2f8b94a960ed, type: 3}
      propertyPath: m_Controller
      value: 
      objectReference: {fileID: 9100000, guid: 62e8231e95160af47b0e7bdf5b436b78, type: 2}
    - target: {fileID: 5866666021909216657, guid: e1ed36f27c916964d8aa2f8b94a960ed, type: 3}
      propertyPath: m_ApplyRootMotion
      value: 0
      objectReference: {fileID: 0}
    m_RemovedComponents: []
  m_SourcePrefab: {fileID: 100100000, guid: e1ed36f27c916964d8aa2f8b94a960ed, type: 3}
--- !u!1 &8892613545509818464 stripped
GameObject:
  m_CorrespondingSourceObject: {fileID: 919132149155446097, guid: e1ed36f27c916964d8aa2f8b94a960ed, type: 3}
  m_PrefabInstance: {fileID: 8622565032468524337}
  m_PrefabAsset: {fileID: 0}
--- !u!4 &8080364051378522842 stripped
Transform:
  m_CorrespondingSourceObject: {fileID: -8679921383154817045, guid: e1ed36f27c916964d8aa2f8b94a960ed, type: 3}
  m_PrefabInstance: {fileID: 8622565032468524337}
  m_PrefabAsset: {fileID: 0}
--- !u!95 &2793098869435338912 stripped
Animator:
  m_CorrespondingSourceObject: {fileID: 5866666021909216657, guid: e1ed36f27c916964d8aa2f8b94a960ed, type: 3}
  m_PrefabInstance: {fileID: 8622565032468524337}
  m_PrefabAsset: {fileID: 0}
